
@ARTICLE{2014MNRAS.442.3338P,
   author = {{Pen}, U.-L. and {Levin}, Y.},
    title = "{Pulsar scintillations from corrugated reconnection sheets in the interstellar medium}",
  journal = {\mnras},
archivePrefix = "arXiv",
   eprint = {1302.1897},
 keywords = {magnetic reconnection, MHD, scattering, waves, ISM: general},
     year = 2014,
    month = aug,
   volume = 442,
    pages = {3338-3346},
      doi = {10.1093/mnras/stu1020},
   adsurl = {http://adsabs.harvard.edu/abs/2014MNRAS.442.3338P},
  adsnote = {Provided by the SAO/NASA Astrophysics Data System}
}

